%% This BibTeX bibliography file was created using BibDesk.
%% http://bibdesk.sourceforge.net/

%% Saved with string encoding Western (Windows Latin 1) 

%% Beispiele
@misc{jgrapht-site,
	Author = {{The Eigenbase Project}},
	Date-Added = {2009-09-18 08:36:42 +0200},
	Date-Modified = {2009-09-18 08:37:47 +0200},
	Day = 9,
	Keywords = {jgrapht java graph library},
	Month = sep,
	Note = {\url{http://jgrapht.sourceforge.net/}},
	Title = {{JGraphT- a free Java Graph Library}},
	Url = {http://jgrapht.sourceforge.net/},
	Year = 2009,
	Bdsk-Url-1 = {http://jgrapht.sourceforge.net/}}

@comment{BibDesk Smart Groups{
<?xml version="1.0" encoding="UTF-8"?>
<!DOCTYPE plist PUBLIC "-//Apple//DTD PLIST 1.0//EN" "http://www.apple.com/DTDs/PropertyList-1.0.dtd">
<plist version="1.0">
<array>
	<dict>
		<key>conditions</key>
		<array>
			<dict>
				<key>comparison</key>
				<integer>2</integer>
				<key>key</key>
				<string>Keywords</string>
				<key>value</key>
				<string>java</string>
				<key>version</key>
				<string>1</string>
			</dict>
			<dict>
				<key>comparison</key>
				<integer>2</integer>
				<key>key</key>
				<string>Keywords</string>
				<key>value</key>
				<string>spec</string>
				<key>version</key>
				<string>1</string>
			</dict>
		</array>
		<key>conjunction</key>
		<integer>0</integer>
		<key>group name</key>
		<string>Java Specifications</string>
	</dict>
	<dict>
		<key>conditions</key>
		<array>
			<dict>
				<key>comparison</key>
				<integer>2</integer>
				<key>key</key>
				<string>Keywords</string>
				<key>value</key>
				<string>osgi</string>
				<key>version</key>
				<string>1</string>
			</dict>
		</array>
		<key>conjunction</key>
		<integer>0</integer>
		<key>group name</key>
		<string>OSGi</string>
	</dict>
</array>
</plist>
}}


@book{9781111987251,
  Author = {Michael Olpin and Margie Hesson},
  Title = {Stress Management for Life: A Research-Based Experiential Approach},
  Publisher = {Cengage Learning},
  Year = {2012},
  ISBN = {},
  URL = {https://www.amazon.com/Stress-Management-Life-Research-Based-Experiential-ebook/dp/B00B7K6Y8Y%3FSubscriptionId%3D0JYN1NVW651KCA56C102%26tag%3Dtechkie-20%26linkCode%3Dxm2%26camp%3D2025%26creative%3D165953%26creativeASIN%3DB00B7K6Y8Y
  }
}

@misc{kuenzel:2014,
  author={Johannes Künzel},
  publisher = {Psychologie Heute},
  title={Präkrastination: Der Zwang zum Soforterledigen},
  month = "Juni",
  year = "2014",
  url={https://www.psychologie-heute.de/news/gesundheit-psyche/detailansicht/news/praekrastination_der_zwang_zum_soforterledigen/}
}
,
@article{106--111|c't20/2014,
    author = {Stefan Porteck},
    title = {Scharfmacher},
    journal = {c't},
    volume = {20},
    year = {2014},
    pages = {106--111},
}


@PROCEEDINGS{raymond:cathedral_bazaar_book,
  EDITOR      = {Bayerisches Staatsministerium für Gesundheit und Pflege},
  TITLE       = {3. Nationale Impfkonferenz},
  PUBLISHER   = {Bayerisches Staatsministerium für Gesundheit und Pflege},
  YEAR        = 2013,
  NOTE        = ""
}

@INPROCEEDINGS{raymond:history_of_hackerdom_inbook,
  AUTHOR       = "Raymond, Eric Steven",
  TITLE        = "{A} {B}rief {H}istory of {H}ackerdom",
  PAGES        = "7 -- 26",
  CROSSREF     = "raymond:cathedral_bazaar_book",
  NOTE         = ""
}

@book{hoecker:2013,
  Author = {A. Höcker, M. Engberding, F. Rist},
  Title = {Prokrastination},
  Publisher = {Hogrefe Verlag GmbH + Co.},
  Year = {2013},
  ISBN = {3801721795},
  URL = {https://www.amazon.com/Prokrastination/dp/3801721795%3FSubscriptionId%3D0JYN1NVW651KCA56C102%26tag%3Dtechkie-20%26linkCode%3Dxm2%26camp%3D2025%26creative%3D165953%26creativeASIN%3D3801721795
  }
}

@online{download,
  author = {A. Höcker, M. Engberding, F. Rist},
  title = {DKP},
  url = {https://wwwpsy.uni-muenster.de/imperia/md/content/prokrastinationsambulanz/downloadprokra/dkp_fragebogen_f__r_patienten.pdf},
  urldate = {2016-12-09}
}

@misc{wiki,
  author={Unbekannt},
  publisher = {Wikipedia},
  title={Prokrastination},
  url={https://de.wikipedia.org/wiki/Prokrastination}

}